
@book{strang_calculus_2016,
	title = {Calculus {Volume} 1},
	copyright = {Attribution-NonCommercial-Sharealike 4.0 International License (CC BY-NC-SA)},
	isbn = {978-1-947172-13-5},
	url = {https://openstax.org/details/books/calculus-volume-1/},
	abstract = {Calculus is designed for the typical two- or three-semester general calculus course, incorporating innovative features to enhance student learning. The book guides students through the core concepts of calculus and helps them understand how those concepts apply to their lives and the world around them. Due to the comprehensive nature of the material, we are offering the book in three volumes for flexibility and efficiency. Volume 1 covers functions, limits, derivatives, and integration.
Please note that this title is published under a CC BY-NC-SA 4.0 license, which means that you are free to use and adapt, but not for commercial purposes. Changes you make need to be shared using this license.},
	language = {EN},
	publisher = {OpenStax},
	author = {Strang, Gilbert and Herman, Edwin and Lakey, Joseph and Terry, Elaine and Mulzet, Alfred and Boyd, Sheri and Debnath, Joyanti and Merriweather, Michelle and Smith, David and Bila, Nicoleta and Falduto, Valeree and Messer, Kirsten and Radulovich, William and Rutter, Erica and Torain, David and Abbot, Catherine and Levandosky, Julie and McCune, David},
	month = mar,
	year = {2016},
}
@website{unit,
	title = {Example: Unit circle},
	copyright = {CC BY 2.5},
	url = {https://texample.net/tikz/examples/unit-circle/},
	language = {EN},
	publisher = {TeXample.net},
	author = {Supreme Aryal},
	month = mar,
	year = {2010},
} 
